<record><leader>00000cas a22000007a 4500</leader><controlfield tag="001">31800214</controlfield><controlfield tag="008">950111d191u19uuncu x ne      0    0eng d</controlfield><datafield ind1=" " ind2=" " tag="010"><subfield code="a">sn 94058269 </subfield></datafield><datafield ind1=" " ind2=" " tag="040"><subfield code="a">NVJ</subfield><subfield code="b">eng</subfield><subfield code="c">NVJ</subfield><subfield code="d">OCLCQ</subfield></datafield><datafield ind1=" " ind2=" " tag="042"><subfield code="a">msc</subfield></datafield><datafield ind1="0" ind2="0" tag="245"><subfield code="a">American vim.</subfield></datafield><datafield ind1="1" ind2="3" tag="246"><subfield code="a">American or business vim</subfield></datafield><datafield ind1="3" ind2="0" tag="246"><subfield code="a">Business vim</subfield></datafield><datafield ind1=" " ind2=" " tag="260"><subfield code="a">Burnsville, N.C. :</subfield><subfield code="b">Edwards Job Printery</subfield></datafield><datafield ind1=" " ind2=" " tag="300"><subfield code="a">v.</subfield></datafield><datafield ind1=" " ind2=" " tag="310"><subfield code="a">Irregular</subfield></datafield><datafield ind1=" " ind2=" " tag="588"><subfield code="a">Description based on: Vol. 2, no. 3 (winter of 1917-18).</subfield></datafield><datafield ind1=" " ind2=" " tag="752"><subfield code="a">United States</subfield><subfield code="b">North Carolina</subfield><subfield code="c">Yancey</subfield><subfield code="d">Burnsville.</subfield></datafield></record>